@book{BarndorffNielsen1994,
  doi = {10.1201/9780203750940},
  url = {https://doi.org/10.1201/9780203750940},
  year = {1994},
  publisher = {Routledge},
  author = {O.E. Barndorff-Nielsen and D.R. Cox},
  title = {Inference and Asymptotics}
}
@article{BarndorffNielsen1980,
  doi = {10.1093/biomet/67.2.293},
  url = {https://doi.org/10.1093/biomet/67.2.293},
  year = {1980},
  publisher = {Oxford University Press ({OUP})},
  volume = {67},
  number = {2},
  pages = {293--310},
  author = {O.E. Barndorff-Nielsen},
  title = {Conditionality resolutions},
  journal = {Biometrika}
}
@article{BarndorffNielsen1983,
  doi = {10.1093/biomet/70.2.343},
  url = {https://doi.org/10.1093/biomet/70.2.343},
  year = {1983},
  publisher = {Oxford University Press ({OUP})},
  volume = {70},
  number = {2},
  pages = {343--365},
  author = {O.E. Barndorff-Nielsen},
  title = {On a formula for the distribution of the maximum likelihood estimator},
  journal = {Biometrika}
}
@article{BarndorffNielsen1986,
  doi = {10.2307/2336207},
  url = {https://doi.org/10.2307/2336207},
  year = {1986},
  month = aug,
  publisher = {{JSTOR}},
  volume = {73},
  number = {2},
  pages = {307},
  author = {O.E. Barndorff-Nielsen},
  title = {Inference on Full or Partial Parameters Based on the Standardized Signed Log Likelihood Ratio},
  journal = {Biometrika}
}
@article{BarndorffNielsen1991,
  title={Modified signed log likelihood ratio},
  author={O.E. Barndorff-Nielsen},
  journal={Biometrika},
  volume={78},
  number={3},
  pages={557--563},
  year={1991},
  publisher={Oxford University Press}
}
@article{Bartlett1953,
  doi = {10.2307/2333091},
  url = {https://doi.org/10.2307/2333091},
  year = {1953},
  month = jun,
  publisher = {{JSTOR}},
  volume = {40},
  number = {1/2},
  pages = {12},
  author = {M.S. Bartlett},
  title = {Approximate Confidence Intervals},
  journal = {Biometrika}
}
@article{Fisher1934,
  doi = {10.1098/rspa.1934.0050},
  author={R.A. Fisher},
  url = {https://doi.org/10.1098/rspa.1934.0050},
  year = {1934},
  month = mar,
  publisher = {The Royal Society},
  volume = {144},
  number = {852},
  pages = {285--307},
  title = {Two new properties of mathematical likelihood},
  journal = {Proceedings of the Royal Society of London. Series A,  Containing Papers of a Mathematical and Physical Character}
}
@article{Tang2020,
  doi = {10.1111/rssb.12389},
  url = {https://doi.org/10.1111/rssb.12389},
  year = {2020},
  month = aug,
  publisher = {Wiley},
  author = {Y. Tang and N. Reid},
  title = {Modified likelihood root in high dimensions},
  journal = {Journal of the Royal Statistical Society: Series B (Statistical Methodology)}
}
@article{Sartori2003,
  title={Modified profile likelihoods in models with stratum nuisance parameters},
  author={S. Nicola},
  journal={Biometrika},
  volume={90},
  number={3},
  pages={533--549},
  year={2003},
  publisher={Oxford University Press}
}